<record><leader>00000cas a22000007a 4500</leader><controlfield tag="001">5067829</controlfield><controlfield tag="008">790614c19089999mnuwr ne      0   a0eng d</controlfield><datafield ind1=" " ind2=" " tag="010"><subfield code="a">sn 79000562 </subfield></datafield><datafield ind1=" " ind2=" " tag="040"><subfield code="a">NSD</subfield><subfield code="b">eng</subfield><subfield code="c">NSD</subfield><subfield code="d">DLC</subfield><subfield code="d">MN#</subfield><subfield code="d">OCL</subfield><subfield code="d">MN#</subfield><subfield code="d">OCLCQ</subfield><subfield code="d">OCLCF</subfield><subfield code="d">OCLCO</subfield></datafield><datafield ind1=" " ind2=" " tag="012"><subfield code="k">1</subfield><subfield code="m">1</subfield></datafield><datafield ind1=" " ind2=" " tag="019"><subfield code="a">1605090</subfield></datafield><datafield ind1="1" ind2=" " tag="022"><subfield code="a">0194-8792</subfield><subfield code="l">0194-8792</subfield><subfield code="2">1</subfield></datafield><datafield ind1="1" ind2=" " tag="029"><subfield code="a">AU@</subfield><subfield code="b">000025789916</subfield></datafield><datafield ind1=" " ind2=" " tag="032"><subfield code="a">498700</subfield><subfield code="b">USPS</subfield></datafield><datafield ind1=" " ind2=" " tag="042"><subfield code="a">nsdp</subfield></datafield><datafield ind1=" " ind2=" " tag="043"><subfield code="a">n-us-mn</subfield></datafield><datafield ind1="0" ind2="0" tag="050"><subfield code="a">Newspaper 8510</subfield></datafield><datafield ind1=" " ind2=" " tag="052"><subfield code="a">4144</subfield><subfield code="b">S66</subfield></datafield><datafield ind1=" " ind2=" " tag="052"><subfield code="a">4143</subfield><subfield code="b">B7</subfield></datafield><datafield ind1=" " ind2="0" tag="222"><subfield code="a">Sleepy Eye herald dispatch</subfield></datafield><datafield ind1="0" ind2="0" tag="245"><subfield code="a">Sleepy Eye herald-dispatch.</subfield></datafield><datafield ind1="3" ind2="0" tag="246"><subfield code="a">Sleepy Eye herald dispatch</subfield></datafield><datafield ind1=" " ind2=" " tag="260"><subfield code="a">Sleepy Eye, Minn. :</subfield><subfield code="b">W.E. Barnes,</subfield><subfield code="c">1908-</subfield></datafield><datafield ind1=" " ind2=" " tag="300"><subfield code="a">v.</subfield></datafield><datafield ind1=" " ind2=" " tag="310"><subfield code="a">Weekly</subfield></datafield><datafield ind1="0" ind2=" " tag="362"><subfield code="a">Vol. 30, no. 14 (June 19, 1908)-</subfield></datafield><datafield ind1=" " ind2=" " tag="530"><subfield code="a">Available on microfilm from the Minnesota Historical Society.</subfield></datafield><datafield ind1=" " ind2="0" tag="651"><subfield code="a">Sleepy Eye (Minn.)</subfield><subfield code="v">Newspapers.</subfield></datafield><datafield ind1=" " ind2="7" tag="655"><subfield code="a">Newspapers.</subfield><subfield code="2">fast</subfield><subfield code="0">(OCoLC)fst01423814</subfield></datafield><datafield ind1=" " ind2="7" tag="651"><subfield code="a">Minnesota</subfield><subfield code="z">Sleepy Eye.</subfield><subfield code="2">fast</subfield><subfield code="0">(OCoLC)fst01227949</subfield></datafield><datafield ind1=" " ind2=" " tag="752"><subfield code="a">United States</subfield><subfield code="b">Minnesota</subfield><subfield code="c">Brown</subfield><subfield code="d">Sleepy Eye.</subfield></datafield><datafield ind1="0" ind2="4" tag="780"><subfield code="t">Sleepy Eye herald</subfield><subfield code="w">(DLC)sn 89064954</subfield><subfield code="w">(OCoLC)1588559</subfield></datafield><datafield ind1="0" ind2="4" tag="780"><subfield code="t">Sleepy Eye dispatch</subfield><subfield code="w">(DLC)sn 89064955</subfield></datafield><datafield ind1="0" ind2="5" tag="780"><subfield code="t">Sleepy Eye progressive</subfield><subfield code="w">(DLC)sn 89064958</subfield></datafield><datafield ind1=" " ind2=" " tag="936"><subfield code="a">June 7, 1979</subfield></datafield></record>